@misc{ILCSOFT,
  author =	"",
  title = "",
  year = "",
  howpublished = "",
}

@misc{LCIO,
  author = "F. Gaede et al.",
  title = "LCIO: A Persistency framework for linear collider simulation studies",
  year = "2003",
  howpublished = "",
  url = "https://arxiv.org/abs/physics/0306114"
}

@misc{Marlin,
  author = "",
  title = "",
  year = "",
  howpublished = "",
}

@misc{ILDCaloDigiPaper,
  author = "",
  title = "",
  year = "",
  howpublished = "",
}

@misc{OskarThesis,
  author = "O.Hartbrich",
  title = "",
  year = "2015",
  howpublished = "",
}
